<record><leader>00000cas a22000007a 4500</leader><controlfield tag="001">9802616</controlfield><controlfield tag="008">830811d18401840miuwr ne      0    0eng  </controlfield><datafield ind1=" " ind2=" " tag="010"><subfield code="a">sn 83016414 </subfield></datafield><datafield ind1=" " ind2=" " tag="040"><subfield code="a">DLC</subfield><subfield code="b">eng</subfield><subfield code="c">DLC</subfield><subfield code="d">OCLCQ</subfield></datafield><datafield ind1=" " ind2=" " tag="042"><subfield code="a">msc</subfield></datafield><datafield ind1="0" ind2="0" tag="050"><subfield code="a">Newspaper 8401-X</subfield></datafield><datafield ind1="0" ind2=" " tag="130"><subfield code="a">Loco foco (Niles, Mich.)</subfield></datafield><datafield ind1="1" ind2="4" tag="245"><subfield code="a">The Loco foco.</subfield></datafield><datafield ind1=" " ind2=" " tag="260"><subfield code="a">Niles, Mich. :</subfield><subfield code="b">J.A. Brown</subfield></datafield><datafield ind1=" " ind2=" " tag="300"><subfield code="a">v. ;</subfield><subfield code="c">68 cm.</subfield></datafield><datafield ind1=" " ind2=" " tag="310"><subfield code="a">Weekly</subfield></datafield><datafield ind1="1" ind2=" " tag="362"><subfield code="a">Ceased in 1840?</subfield><subfield code="z">Cf. Gregory, Amer. newspapers.</subfield></datafield><datafield ind1=" " ind2=" " tag="588"><subfield code="a">Description based on: Aug. 21, 1840.</subfield></datafield><datafield ind1=" " ind2=" " tag="752"><subfield code="a">United States</subfield><subfield code="b">Michigan</subfield><subfield code="c">Berrien</subfield><subfield code="d">Niles.</subfield></datafield><datafield ind1="1" ind2=" " tag="029"><subfield code="a">AU@</subfield><subfield code="b">000025837149</subfield></datafield></record>